@book{dutr√©2006advanced,
  title={Advanced global illumination},
  author={Dutr{\'e}, P. and Bala, K. and Bekaert, P.},
  isbn={9781568813073},
  lccn={2006044831},
  series={Ak Peters Series},
  url={http://books.google.be/books?id=KodRAAAAMAAJ},
  year={2006},
  publisher={AK Peters}
}

@article{RPF11,
  author = {Pradeep Sen and
  Soheil Darabi},
  title = {{On Filtering the Noise from the Random Parameters in Monte Carlo Rendering}},
  journal = {ACM Transactions on Graphics (TOG)},
  volume = {to appear},
  year = {2011}
}

@techreport{RPFTechReport,
author = {Pradeep Sen and
Soheil Darabi},
title = {{Implementation of Random Parameter Filtering}},
institution = {University of New Mexico},
number = {EECE-TR-11-0004},
month = {May},
year = {2011},
}

@book{pharr2010physically,
  title={Physically Based Rendering: From Theory to Implementation},
  author={Pharr, M. and Humphreys, G.},
  isbn={9780123750792},
  lccn={2011377099},
  series={The Morgan Kaufmann series in interactive 3D technology},
  url={http://books.google.be/books?id=9nJBAJhTxt8C},
  year={2010},
  publisher={Elsevier Science}
}

@book{kalos2009monte,
  title={Monte Carlo Methods},
  author={Kalos, M.H. and Whitlock, P.A.},
  isbn={9783527626229},
  url={http://books.google.be/books?id=5z-AI0pbNsYC},
  year={2009},
  publisher={Wiley}
}

@article{Sen:CompressiveSignalEstimation:2010,
  author = {Pradeep Sen and Soheil Darabi},
  title = {Compressive Estimation for Signal Integration in Rendering},
  journal = {Computer Graphics Forum},
  year = {2010},
  volume = {29},
  number = {4},
  publisher = {Eurographics},
}

@article{Lehtinen2011sg,
author = {Jaakko Lehtinen and Timo Aila and Jiawen Chen and Samuli Laine and Fr\'{e}do Durand},
title = {Temporal Light Field Reconstruction for Rendering Distribution Effects},
journal = {ACM Trans. Graph.},
year = {2011},
volume = {30},
number = {4},
}

@article{UdayMehta:2012:AAF,
  title = {Axis-Aligned Filtering for Interactive Sampled Soft Shadows},
  journal = {ACM Trans. Graph.},
  author = {Soham Mehta and Brandon Wang and Ravi Ramamoorthi},
  number = 6,
  month = {Nov},
  volume = 31,
  year = 2012,
  pages = {163:1--163:10},
  url = {http://graphics.berkeley.edu/papers/UdayMehta-AAF-2012-12/},
}

@article{Rousselle:2012:ARN:2366145.2366214,
 author = {Rousselle, Fabrice and Knaus, Claude and Zwicker, Matthias},
 title = {Adaptive rendering with non-local means filtering},
 journal = {ACM Trans. Graph.},
 issue_date = {November 2012},
 volume = {31},
 number = {6},
 month = nov,
 year = {2012},
 issn = {0730-0301},
 pages = {195:1--195:11},
 articleno = {195},
 numpages = {11},
 url = {http://doi.acm.org/10.1145/2366145.2366214},
 doi = {10.1145/2366145.2366214},
 acmid = {2366214},
 publisher = {ACM},
 address = {New York, NY, USA},
 keywords = {adaptive sampling and reconstruction},
} 

@article{Hachisuka:2008:MAS:1360612.1360632,
 author = {Hachisuka, Toshiya and Jarosz, Wojciech and Weistroffer, Richard Peter and Dale, Kevin and Humphreys, Greg and Zwicker, Matthias and Jensen, Henrik Wann},
 title = {Multidimensional adaptive sampling and reconstruction for ray tracing},
 journal = {ACM Trans. Graph.},
 issue_date = {August 2008},
 volume = {27},
 number = {3},
 month = aug,
 year = {2008},
 issn = {0730-0301},
 pages = {33:1--33:10},
 articleno = {33},
 numpages = {10},
 url = {http://doi.acm.org/10.1145/1360612.1360632},
 doi = {10.1145/1360612.1360632},
 acmid = {1360632},
 publisher = {ACM},
 address = {New York, NY, USA},
 keywords = {global illumination, ray tracing, rendering equation, sampling and reconstruction},
}

@ARTICLE{Li:2012:SBO,
    AUTHOR      = {Tzu-Mao Li and Yu-Ting Wu and Yung-Yu Chuang},
    TITLE       = {SURE-based Optimization for Adaptive Sampling and Reconstruction},
    JOURNAL     = {ACM Transactions on Graphics (Proceedings of ACM SIGGRAPH Asia 2012)},
    VOLUME      = {31},
    NUMBER      = {6},  
    YEAR        = {2012},
    MONTH       = {November},
    PAGES       = {186:1--186:9},
}

@article{Rousselle:2011:ASR:2070781.2024193,
 author = {Rousselle, Fabrice and Knaus, Claude and Zwicker, Matthias},
 title = {Adaptive sampling and reconstruction using greedy error minimization},
 journal = {ACM Trans. Graph.},
 issue_date = {December 2011},
 volume = {30},
 number = {6},
 month = dec,
 year = {2011},
 issn = {0730-0301},
 pages = {159:1--159:12},
 articleno = {159},
 numpages = {12},
 url = {http://doi.acm.org/10.1145/2070781.2024193},
 doi = {10.1145/2070781.2024193},
 acmid = {2024193},
 publisher = {ACM},
 address = {New York, NY, USA},
 keywords = {adaptive sampling and reconstruction},
} 

@article{Gribel2011,
author = {Carl Johan Gribel and Rasmus Barringer and Tomas Akenine-M\"oller},
title = "{High-Quality Spatio-Temporal Rendering using Semi-Analytical Visibility}",
journal = {ACM Transactions on Graphics,},
issue_date = {August 2011},
volume = {30},
issue = {4},
month = {August},
year = {2011},
pages = {54:1--54:11},
articleno = {54},
}

@article{Ramamoorthi:2012:ATO,
  year = 2012,
  journal = {ACM Transactions on Graphics},
  title = {A Theory of Monte Carlo Visibility Sampling},
  author = {Ravi Ramamoorthi and John Anderson and Mark Meyer and Derek Nowrouzezahrai},
  url = {http://graphics.berkeley.edu/papers/Ramamoorthi-ATO-2012-02/},
}